<?xml version="1.0" encoding="UTF-8"?><collection xmlns="http://www.loc.gov/MARC21/slim"><record><leader>00563nam--2200193-i-4500</leader><controlfield tag="001">000015474</controlfield><controlfield tag="002">20161230</controlfield><controlfield tag="005">20161230201031</controlfield><controlfield tag="008">060222s1000------------r-----000-0-rus-d</controlfield><datafield ind1=" " ind2=" " tag="040"><subfield code="a">IFIN-HH</subfield></datafield><datafield ind1=" " ind2=" " tag="041"><subfield code="a">rus</subfield></datafield><datafield ind1=" " ind2=" " tag="080"><subfield code="a">539.16.08=669</subfield></datafield><datafield ind1="1" ind2=" " tag="100"><subfield code="a">Pliskii, Yu.S</subfield></datafield><datafield ind1="1" ind2="0" tag="245"><subfield code="a">Metodi i apparatura dlia izmerenia malih radioaktivnostei prob metalla i slaka</subfield><subfield code="c">Yu.s. pliskii, a.n. valov</subfield></datafield><datafield ind1=" " ind2=" " tag="260"><subfield code="a">Moskva</subfield><subfield code="b">Naucino-tehniceskoe Izdatelstvo</subfield><subfield code="c">1963</subfield></datafield><datafield ind1=" " ind2=" " tag="300"><subfield code="a">133P</subfield></datafield><datafield ind1="1" ind2=" " tag="700"><subfield code="a">Valov, A.N</subfield></datafield><datafield ind1=" " ind2=" " tag="852"><subfield code="a">9134</subfield><subfield code="c">539.1.07:539.1.08</subfield></datafield><datafield ind1=" " ind2=" " tag="CAT"><subfield code="a">Sys</subfield><subfield code="c">20111017</subfield><subfield code="h">145525</subfield></datafield></record></collection>